@book{boyd2004convex,
  title={Convex optimization},
  author={Boyd, Stephen and Vandenberghe, Lieven},
  year={2004},
  publisher={Cambridge university press}
}

@book{beck2014introduction,
  title={Introduction to nonlinear optimization: Theory, algorithms, and applications with MATLAB},
  author={Beck, Amir},
  volume={19},
  year={2014},
  publisher={Siam}
}
