@article{tikhomirov1996evolution,
  title={The evolution of methods of convex optimization},
  author={Tikhomirov, Vladimir M},
  journal={The American Mathematical Monthly},
  volume={103},
  number={1},
  pages={65--71},
  year={1996},
  publisher={Taylor \& Francis}
}

@article{kantorovich1960mathematical,
  title={Mathematical methods of organizing and planning production},
  author={Kantorovich, Leonid V},
  journal={Management science},
  volume={6},
  number={4},
  pages={366--422},
  year={1960},
  publisher={INFORMS}
}

@incollection{dantzig1966simplexmethode,
  title={Die Simplexmethode},
  author={Dantzig, George B},
  booktitle={Lineare Programmierung und Erweiterungen},
  pages={110--138},
  year={1966},
  publisher={Springer}
}

@article{nemirovsky1983informational,
  title={Informational complexity and efficient methods for solution of convex extremal problems},
  author={Nemirovsky, A and Yudin, David},
  journal={{\'E}konomika i Mathematicheskie Metody},
  volume={12},
  year={1983}
}

@article{khachiyan1980polynomial,
  title={Polynomial algorithms in linear programming},
  author={Khachiyan, Leonid G},
  journal={USSR Computational Mathematics and Mathematical Physics},
  volume={20},
  number={1},
  pages={53--72},
  year={1980},
  publisher={Elsevier}
}

@inproceedings{karmarkar1984new,
  title={A new polynomial-time algorithm for linear programming},
  author={Karmarkar, Narendra},
  booktitle={Proceedings of the sixteenth annual ACM symposium on Theory of computing},
  pages={302--311},
  year={1984},
  organization={ACM}
}

@techreport{fiacco1968nonlinear,
  title={Nonlinear programming: sequential unconstrained minimization techniques},
  author={Fiacco, Anthony V},
  year={1968}
}

@incollection{megiddo1989pathways,
  title={Pathways to the optimal set in linear programming},
  author={Megiddo, Nimrod},
  booktitle={Progress in mathematical programming},
  pages={131--158},
  year={1989},
  publisher={Springer}
}

@article{gill1986projected,
  title={On projected Newton barrier methods for linear programming and an equivalence to Karmarkarâ€™s projective method},
  author={Gill, Philip E and Murray, Walter and Saunders, Michael A and Tomlin, John A and Wright, Margaret H},
  journal={Mathematical programming},
  volume={36},
  number={2},
  pages={183--209},
  year={1986},
  publisher={Springer}
}
